/home/jtlaune/Dropbox/bibliography/references.bib